@phdthesis{Bioche2015,
  title={Approximation de lois impropres et applications},
  author={Bioche, C.},
  institution={Universit√© Blaise Pascal, Clermont-Ferrand},
  year={2015},
}