
@ARTICLE{pasanisi2015,
  author = {Pasanisi, A. and Roero, C. and Remy, E. and Bousquet, N.},
  title = {On the practical interest of Discrete Inverse P\'olya and Weibull-1 models in industrial reliability studies},
  journal = {Quality and Reliability Engineering International},
  year = {2015},
  volume = {},
  pages = {in press},
  number = {}
}

@ARTICLE{nakagawa1975,
  author = {Nakagawa, T. and Osaki, S.},
  title = {The discrete Weibull distribution},
  journal = {IEEE Transactions on Reliability},
  year = {1975},
  volume = {5},
  pages = {300-301},
  number = {}
}

@ARTICLE{Xie2002,
  author = {Xie, M. and Gaudoin, O. and Bracquemond, C.},
  title = {Redefining failure rate function for discrete distributions},
  journal = {Journal of Reliability, Quality and Safety Engineering},
  year = {2002},
  volume = {9},
  pages = {275-285},
  number = {}
}

@ARTICLE{Marshall1993,
  author = {Marshall, A.W. and Olkin, I.},
  title = {Bivariate life distribution from Polya's Urn Model for Contagion},
  journal = {J. Appl. Prob. },
  year = {1993},
  volume = {30},
  pages = {497-508}
}

@ARTICLE{Alajaji1993,
  author = {Alajaji, F. and Fuja, T.},
  title = {A Communication Channel Modeled on Contagion},
  journal = {Institute for Systems Research Tech. Rep. TR 93-78},
  year = {1993}
}


@ARTICLE{Hayhoe2017,
  author = {Hayhoe, M. and Alajaji, F. and Gharesifard, B.},
  title = {A Polya Contagion Model for Networks},
  journal = {IEEE Transactions on Control of Network Systems},
  year = {2017}
}





@ARTICLE{galland1991,
  author = {J.C. Galland and N. Goutal and J.M. Hervouet},
  title = {TELEMAC: A New Numerical Model for Solving Shallow Water Equations},
  journal = {Advances in Water Resources},
  year = {1991},
  volume = {14},
  pages = {138-148},
  number = {3},
  file = {:/home/B01554/Documents/JabRef/Dempster_-_Maximum_likelihood_from_incomplete_data_via_the_EM_algorithm_-_1977.pdf:PDF},
  owner = {B01554},
  timestamp = {2014.08.22},
  url = {http://links.jstor.org/sici?sici=0035-9246%281977%2939%3A1%3C1%3AMLFIDV%3E2.0.CO%3B2-Z}
}


@ARTICLE{Glynn2019,
author = {Glynn, C. and He, J. and Polson, N.G. and Xu, J.},
  title = {Bayesian inference for Polya Inverse Gamma Models},
  year = {2019},
  journal = {arXiv:1905.12141},
}

@ARTICLE{MUN10,
author = {Munoz-Muniga, M. and Garnier, J. and Remy, E. and de Rocquigny, E.},
  title = {Adaptive directional Stratification for controlled estimation of the probability of a rare event},
  journal = {Reliability Engineering and System Safety ({\it in press})},
  year = {2011},
  owner = {nico},
  timestamp = {2008.1.1}
}

@book {Lai2006,
    AUTHOR = {Lai, C.D. and Xie, M.},
     TITLE = { Stochastic Ageing and Dependence for Reliability},
 PUBLISHER = {Springer},
      YEAR = {2006}
     }


@book {Belsley1980,
    AUTHOR = {Belsley, D.A. and Kuh, E. and Welsch, R.E.},
     TITLE = { "The Condition Number". In: Regression Diagnostics: Identifying Influential Data and Sources of Collinearity },
 PUBLISHER = {New York: John Wiley \& Sons},
      YEAR = {1980},
     PAGES = {100-104}
     }

@article {Iooss2015,
    AUTHOR = {Iooss, B. and Lema\^itre, P.},
     TITLE = {A  review on global sensitivity analysis methods},
  FJOURNAL = {In: C. Meloni and G. Dellino (eds.) Uncertainty management in Simulation-Optimization of Complex Systems: Algorithms and Applications, Springer},
           YEAR = {2015}
}



@article {Blum2012,
    AUTHOR = {Blum, M.G.B  and Nunes, M.A. and Prangle, D.  and Sisson, S.A.},
     TITLE = {A comparative review of dimension reduction methods in approximate Bayesian computation},
  FJOURNAL = {Statistical Science},
    VOLUME = {28},
     PAGES = {189--208},
           YEAR = {2012}
}

@article{Damblin2015,
  title={Adaptive numerical designs for the calibration of computer codes},
  author={Gamblin, G. and Keller, M. and Barbillon, P. and Pasanisi, A. and Parent, E.},
  fjournal={Submitted},
  year={2015}
}


@article{Marin2012,
  title={Approximate Bayesian Computation in Population Genetics},
  author={Marin, J.M. and  Pudlo, P. and Robert, C.P.  Ryder, R.J.},
  fjournal={Statistics and Computing},
     volume={22},
  pages={1167--1180},
  year={2012}
}


@article{Beaumont2002,
  title={Approximate Bayesian Computation in Population Genetics},
  author={Beaumont, M.A. and Zhang, W. and Balding, D.J.},
  fjournal={Genetics},
     volume={96},
  pages={2025--2035},
  year={2002}
}

@article{Beaumont2009,
  title={Adaptive approximate Bayesian Computation},
  author={Beaumont, M.A. and Cornuet, J.M. and Marin, J.M. and  Robert, C.P.},
  fjournal={Biometrika},
     volume={96},
  pages={983-990},
  year={2009}
}


@article{WSTTP08,
  title={West Sumatra Tuna Tagging Project 2006-2007. Final report},
  author={},
  journal={Technical report},
  year={2008}
}

@article{RTTP10,
  title={Regional tuna tagging project - Indian Ocean. Final report},
  author={Hallier, J.P. and Anganuzzi, A. and Sugathadasa, N.},
  journal={Indian Ocean Tuna Commission},
  year={2010}
}

@article{Emotion,
  title={Project {EMOTION}: {E}stimation of {M}aternal effects {O}n the sustainability of large pelagic popula{TION}s},
  author={},
  journal={ANR Project: ANR-11-JSV7-0007},
  year={2012-2015},
  URL = {http://www.agence-nationale-recherche.fr/?Project=ANR-11-JSV7-0007},
}

@article{PIJ07, 
  title={Package 'sensitivity'. Sensitivity Analysis. Version: 1.11.1. Maintainer: Iooss, B.},
  author={Pujol, G. and Iooss, B. and Janon, A.},
  year={2007},
  URL = {http ://cran.cict.fr/src/contrib/Descriptions/sensitivity.html},
}

@article{WS14, 
  title={Package 'classify'. Classification Accuracy and Consistency under IRT models. Version: 1.3. Maintainer: Wheadon, C.},
  author={Wheadon, C. and Stockford I.},
  year={2014},
  URL = {https://cran.r-project.org/web/packages/classify/classify.pdf},
}

@article{Banerjee2006,
  title={Bayesian wombling: curvilinear gradient assessment under spatial process models},
  author={Banerjee, S. and Gelfand, A.E.},
  journal={Journal of the American Statistical Association},
   volume={101},
  pages={1487-1501},
  year={2006}
}


@article {Blum10,
    AUTHOR = {Blum, Michael G. B.},
     TITLE = {Approximate {B}ayesian computation: a nonparametric
              perspective},
      NOTE = {With supplementary material available online},
   JOURNAL = {J. Amer. Statist. Assoc.},
  FJOURNAL = {Journal of the American Statistical Association},
    VOLUME = {105},
      YEAR = {2010},
    NUMBER = {491},
     PAGES = {1178--1187},
      ISSN = {0162-1459},
     CODEN = {JSTNAL},
   MRCLASS = {62G07 (62F15 62P10 62P12)},
  MRNUMBER = {2752613 (2012d:62106)},
MRREVIEWER = {M. P. Moklyachuk},
       DOI = {10.1198/jasa.2010.tm09448},
       URL = {http://dx.doi.org/10.1198/jasa.2010.tm09448},
}

@book {Robert96,
    AUTHOR = {Robert, Christian},
     TITLE = {M\'ethodes de {M}onte {C}arlo par cha\^ines de {M}arkov},
    SERIES = {Statistique Math\'ematique et Probabilit\'e. [Mathematical
              Statistics and Probability]},
 PUBLISHER = {\'Editions \'Economica, Paris},
      YEAR = {1996},
     PAGES = {x+340},
      ISBN = {2-7178-3154-1},
   MRCLASS = {60J05 (62F15 65U05)},
  MRNUMBER = {1419096 (98b:60121)},
MRREVIEWER = {Mauro Piccioni},
}


@article {BZB02,
    AUTHOR = {Beaumont, M.A. and Zhang, W. and Balding, D. J.},
     TITLE = {Approximate Bayesian Computation
in population genetics},
  FJOURNAL = {Genetics},
    VOLUME = {162},
      YEAR = {2002},
     PAGES = {2025--2035},
}

@article {Jensen1999,
    AUTHOR = {Jensen, C.S. and Kong, A.},
     TITLE = {Blocking Gibbs sampling for linkage analysis in large pedigrees with many loops},
  FJOURNAL = {The American Journal of Human Genetics},
    VOLUME = {65},
      YEAR = {1999},
     PAGES = {885--901},
}





@article {Kennedy2001,
    AUTHOR = {Kennedy, MC. and O'Hagan, A.},
     TITLE = {Bayesian calibration of computer models},
  FJOURNAL = {J. R. Stat. Soc. B},
    VOLUME = {63},
      YEAR = {2001},
     PAGES = {425-464},
}

@article {Celeux2010,
    AUTHOR = {Celeux,G. and Grimaud, A. and Lefebvre,Y. and Rocquigny (de), E.},
     TITLE = {Identifying intrinsic variability in multivariate systems through linearised inverse methods},
  FJOURNAL = {Inverse Problems in Engineering},
    VOLUME = {18},
      YEAR = {2010},
     PAGES = {401-415},
}

@article {Barbillon2011,
    AUTHOR = {Barbillon, P. and Celeux, G. and Grimaud, A. and Lefebvre, Y. and Rocquigny (de), E.},
     TITLE = {Non linear methods for inverse statistical problems},
  FJOURNAL = {Computational Statistics and Data Analysis},
    VOLUME = {55},
      YEAR = {2011},
     PAGES = {132-142},
}

@article {Fu2016,
    AUTHOR = {Fu, S.  and Couplet, M. and Bousquet, N.},
     TITLE = {An adaptive kriging method for solving nonlinear inverse statistical problems},
  FJOURNAL = {Environmetrics (in revision)},
    VOLUME = {},
      YEAR = {2016},
     PAGES = {},
}

@article {Fu2015,
    AUTHOR = {Fu, S. and Celeux, G. and Bousquet, N. and Couplet, M.},
     TITLE = {Bayesian inference for inverse problems occurring in uncertainty analysis},
  FJOURNAL = {International Journal for Uncertainty Quantification},
    VOLUME = {5},
      YEAR = {2015},
     PAGES = {73--98},
}

@book{C03,
year={1994},
volume={Vol. I Theory},
title={Sensitivity and Uncertainty Analysis},
publisher={Chapman and Hall/CRC},
author={Cacuci, D.},
}


@article{H94,
year={1994},
issn={0167-6369},
journal={Environmental Monitoring and Assessment},
volume={32},
number={2},
doi={10.1007/BF00547132},
title={A review of techniques for parameter sensitivity analysis of environmental models},
url={http://dx.doi.org/10.1007/BF00547132},
publisher={Kluwer Academic Publishers},
author={Hamby, D.M.},
pages={135-154},
language={English}
}

@article{Gelfand1990,
  title={Sampling based approaches to calculating marginal densities},
  author={Gelfand, A.E. and Smith, A. },
  journal={Journal of the American Statistical Association},
   volume={85},
  pages={398-409},
  year={1990}
}

@article{Eveson2015,
  title={Estimating growth of tropical tunas in the Indian Ocean using tag-recapture data and otolith-based age estimates},
  author={J. Eveson, P. and Million, J. and Sardenne, F. and Le Croizier, G.},
  journal={Fisheries Research},
   volume={163},
  pages={58-68},
  year={2015}
  }

@article{Eveson2004,
  title={An integrated model for growth incorporating tag-recapture, length-frequency, and direct aging data},
  author={J. Eveson, P. and Laslett, G. and Polacheck, T.},
  journal={Canadian Journal of Fisheries and Aquatic Sciences},
   volume={61},
  pages={292-306},
  year={2004}
  }

@article{Laslett2002,
  title={A flexible maximum likelihood approach for fitting growth curves to tag-recapture data},
  author={Laslett, G. and J. Eveson, P. and Polacheck, T.},
  journal={Canadian Journal of Fisheries and Aquatic Sciences},
   volume={59},
  pages={976-986},
  year={2002}
  }

@article{Gaertner2011,
  title={An update of the Indian Ocean skipjack growth curve parameters with tagging data : some new evidences on area-specific growth rates},
  author={Gaertner, D. and Hallier, J.-P. and Dortel, E. and Chassot, E. and Fonteneau, A.},
  journal={IOTC Working Party on Tropical Tuna},
  year={2011}
  }
  

@article{Dortel2014,
  title={A Dynamic Energy Budget modeling approach to investigate the eco-physiological factors behind the two-stanza growth of yellowfin tuna ({\it Thunnus albacares})},
  author={Dortel, E. and Pecquerie, L., Da Veiga, S., Lagnoux, A., Bousquet, N. and Chassot, E.},
  journal={Submitted},
  year={2015}
  }
  

@article{Dortel2015,
  title={An integrated Bayesian modeling approach for the growth of Indian Ocean yellowfin tuna},
  author={Dortel, E. and Sardenne, F. and Bousquet, N. and Rivot, E. and Million, J. and Le Croizier, G. and Chassot, E.},
  journal={Fisheries Research},
  year={2015}
  }

@article{Mazo2015,
  title={A class of multivariate copulas based on products of bivariate copulas},
  author={Mazo, G. and Girard, S. and Forbes, F.},
  journal={Journal of Multivariate Analysis},
  volume={140},
  pages={363-376},
  year={2015}
  }	
  
@article{creal2015,
  title={High dimensional dynamic stochastic copula models},
  author={Creal, D.D. and Tsay, R.S.},
  journal={Journal of Econometrics},
  volume={189},
  pages={335-345},
  year={2015}
  }

@article{Sardenne2014,
  title={Determining the age of tropical tunas in the Indian Ocean from otolith microstructures},
  author={Sardenne, F. and Dortel, E. and Le Croizier, G. and Million, J. and Labonne, M. and Leroy, B. and Bodin, N. and Chassot, E.},
  journal={Fisheries Research},
  year={2014}
  }	
	
@article{Dortel2013,
  title={Accounting for Age Uncertainty in Growth Modeling, the Case Study of Yellowfin Tuna ({\it Thunnus albacares}) of the Indian Ocean},
  author={Dortel, E. and Massot-Granier, F. and Rivot, E. and Million, J. and Hallier, J.-P. and Morize, E. and Munaron, J.-M. and Bousquet, N. and Chassot, E.},
  journal={PLOS One},
  year={2013},
  doi={10.1371/journal.pone.0060886}
  }
  
  @article{Dortel2015b,
  title={A three-stanza growth model for Indian Ocean yellowfin tuna},
  author={Dortel, E. and Sardenne, F. and Le Crozier, G. and Bousquet, N. and Chassot, E.},
  journal={(work-in-progress)},
  volume={},
  pages={},
  year={2015}  
}
  
@article{Brooks1998,
  title={Fecundity regulation strategy of the yellowfin tuna (Thunnus albacares) in the Western Indian Ocean},
  author={Brooks, S.P. and Gelman, A.},
  journal={Journal of Computational and Graphical Statistics},
  volume={7},
  pages={434-455},
  year={1998}  
}


@article{Zudaire2013,
  title={Fecundity regulation strategy of the yellowfin tuna (Thunnus albacares) in the Western Indian Ocean},
  author={Zudaire, I. and Murua, H. and Grande, M. and Korta, M. and Arrizabalaga, H. and Areso, JJ. and Delgado-Molina, A. },
  journal={Fisheries Research},
  volume={138},
  pages={80-88},
  year={2013}  
}

@book {charpentier2007,
    AUTHOR = {Charpentier, A. and Fermanian, J.-D. and Scaillet, O.},
     TITLE = {The estimation of copulas: theory and practice. In: Copulas: from theory to application in finance; J. Rank (editor)},
 PUBLISHER = {London: Risk Books},
      YEAR = {2007}
}

@book {Sahlin2011,
    AUTHOR = {Sahlin, K.},
     TITLE = {Estimating convergence of Markov chain Monte Carlo simulations},
 PUBLISHER = {Ms. in Mathematical Statistics, Stockholm University},
      YEAR = {2011},
}

@book {Robert2004,
    AUTHOR = {Robert, C.P.and Casella, G.},
     TITLE = {Monte Carlo Statistical Methods (2nd edition)},
 PUBLISHER = {New Work: Wiley.},
      YEAR = {2004},
}

@book {Cramer1967,
    AUTHOR = {Cramer, H. and Leadbetter, M.R.},
     TITLE = {Stationary and related stochastic processes: sample function properties and their applications},
 PUBLISHER = {New Work: Wiley.},
      YEAR = {1967},
}


%%%%%%%%%%% SURVEY BIBLIO %%%%%%%%%%%%%%%%%%

@article{bobor2007,
  title={A new uncertainty importance measure},
  author={Borgonovo, E.},
  journal={Reliability Engineering \& System Safety},
  volume={92},
  number={6},
  pages={771--784},
  year={2007},
  publisher={Elsevier}
}

@article {KHS09,
    AUTHOR = {Kanamori, Takafumi and Hido, Shohei and Sugiyama, Masashi},
     TITLE = {A least-squares approach to direct importance estimation},
   JOURNAL = {J. Mach. Learn. Res.},
  FJOURNAL = {Journal of Machine Learning Research (JMLR)},
    VOLUME = {10},
      YEAR = {2009},
     PAGES = {1391--1445},
      ISSN = {1532-4435},
   MRCLASS = {62J07 (62G05 62H30)},
  MRNUMBER = {2534866 (2011b:62193)},
}

@article {SSSK08,
    AUTHOR = {Suzuki, T. and Sugiyama, M. and Sese, J. and Kanamori, T.},
     TITLE = {Approximating mutual information by maximum
likelihood density ratio estimation},
   JOURNAL = {J. Mach. Learn. Res.},
  FJOURNAL = {Journal of Machine Learning Research (JMLR)},
    VOLUME = {4},
      YEAR = {2008},
     PAGES = {5--20},
}


@book {SSK12,
    AUTHOR = {Sugiyama, Masashi and Suzuki, Taiji and Kanamori, Takafumi},
     TITLE = {Density ratio estimation in machine learning},
      NOTE = {With a foreword by Thomas G. Dietterich},
 PUBLISHER = {Cambridge University Press, Cambridge},
      YEAR = {2012},
     PAGES = {xii+329},
      ISBN = {978-0-521-19017-6},
   MRCLASS = {62G05 (62G20 62H30 68-02 68T05)},
  MRNUMBER = {2895762},
MRREVIEWER = {Pierre Alquier},
       DOI = {10.1017/CBO9781139035613},
       URL = {http://dx.doi.org/10.1017/CBO9781139035613},
}

@article {KSG04,
    AUTHOR = {Kraskov, Alexander and St{\"o}gbauer, Harald and Grassberger,
              Peter},
     TITLE = {Estimating mutual information},
   JOURNAL = {Phys. Rev. E (3)},
  FJOURNAL = {Physical Review E. Statistical, Nonlinear, and Soft Matter
              Physics},
    VOLUME = {69},
      YEAR = {2004},
    NUMBER = {6},
     PAGES = {066138, 16},
      ISSN = {1539-3755},
     CODEN = {PLEEE8},
   MRCLASS = {94A17 (62B10)},
  MRNUMBER = {2096503},
       DOI = {10.1103/PhysRevE.69.066138},
       URL = {http://dx.doi.org/10.1103/PhysRevE.69.066138},
}

@article{KH01,
  title={Epistemic sensitivity analysis based on the concept of entropy},
  author={Krzykacz-Hausmann, B.},
  journal={SAM0'2001},
  year={2001},
}


@article {DaVeiga13,
    AUTHOR = {Da Veiga, Sebastien},
     TITLE = {Global sensitivity analysis with dependence measures},
   JOURNAL = {J. Stat. Comput. Simul.},
  FJOURNAL = {Journal of Statistical Computation and Simulation},
    VOLUME = {85},
      YEAR = {2015},
    NUMBER = {7},
     PAGES = {1283--1305},
      ISSN = {0094-9655},
   MRCLASS = {Preliminary Data},
  MRNUMBER = {3306798},
       DOI = {10.1080/00949655.2014.945932},
       URL = {http://dx.doi.org/10.1080/00949655.2014.945932},
}

@article {BB13,
    AUTHOR = {Baucells, M. and Borgonovo, E.},
     TITLE = {Invariant probabilistic sensitivity analysis},
   JOURNAL = {Mangmnt Sci.},
  FJOURNAL = {Management Science},
      YEAR = {2013},
     PAGES = {2536 -- 2549},
       URL = {http://dx.doi.org/10.1287/mnsc.2013.1719},
}

@ARTICLE{ODC13,
   author = {{Owen}, A. and {Dick}, J. and {Chen}, S.},
    title = "{Higher order Sobol' indices}",
  journal = {ArXiv e-prints},
archivePrefix = "arXiv",
   eprint = {1306.4068},
 primaryClass = "math.NA",
 keywords = {Mathematics - Numerical Analysis, 62P30, 78M05, 41A55},
     year = 2013,
    month = jun,
   adsurl = {http://adsabs.harvard.edu/abs/2013arXiv1306.4068O},
  adsnote = {Provided by the SAO/NASA Astrophysics Data System}
}



@ARTICLE{Owen12,
   author = {{Owen}, A.~B.},
    title = "{Variance components and generalized Sobol' indices}",
  journal = {ArXiv e-prints},
archivePrefix = "arXiv",
   eprint = {1205.1774},
 primaryClass = "math.NA",
 keywords = {Mathematics - Numerical Analysis, Statistics - Computation, Statistics - Methodology, 65C99},
     year = 2012,
    month = may,
   adsurl = {http://adsabs.harvard.edu/abs/2012arXiv1205.1774O},
  adsnote = {Provided by the SAO/NASA Astrophysics Data System}
}

@article{grobobo,
  title={Moment independent importance measures: New results and analytical test cases},
  author={Borgonovo, Emanuele and Castaings, William and Tarantola, Stefano},
  journal={Risk Analysis},
  volume={31},
  number={3},
  pages={404--428},
  year={2011},
  publisher={Wiley Online Library}
}

@article{petibobo,
  title={Model emulation and moment-independent sensitivity analysis: An application to environmental modelling},
  author={Borgonovo, Emmanuelle and Castaings, William and Tarantola, Stefano},
  journal={Environmental Modelling \& Software},
  volume={34},
  pages={105--115},
  year={2012},
  publisher={Elsevier}
}

@article{borgonovo2007,
  title={A new uncertainty importance measure},
  author={Borgonovo, E},
  journal={Reliability Engineering \& System Safety},
  volume={92},
  number={6},
  pages={771--784},
  year={2007},
  publisher={Elsevier}
}

@ARTICLE{FKR13,
   author = {{Fort}, J.-C. and {Klein}, T. and {Rachdi}, N.},
    title = {New sensitivity analysis subordinated to a contrast},
  journal = {ArXiv e-prints - Accepted at Communications in Statistics - Theory and Methods},
archivePrefix = "arXiv",
   eprint = {1305.2329},
 primaryClass = "stat.ME",
 keywords = {Statistics - Methodology},
     year = 2014,
    month = may,
   adsurl = {http://adsabs.harvard.edu/abs/2013arXiv1305.2329F},
  adsnote = {Provided by the SAO/NASA Astrophysics Data System}
}

@book {RS05,
    AUTHOR = {Ramsay, J. O. and Silverman, B. W.},
     TITLE = {Functional data analysis},
    SERIES = {Springer Series in Statistics},
   EDITION = {Second},
 PUBLISHER = {Springer, New York},
      YEAR = {2005},
     PAGES = {xx+426},
      ISBN = {978-0387-40080-8; 0-387-40080-X},
   MRCLASS = {62-02 (62-07 62H25 62H30)},
  MRNUMBER = {2168993},
}

@article {FV06,
AUTHOR = {Ferr{\'e}, Louis and Villa, Nathalie},
     TITLE = {Multilayer perceptron with functional inputs: an inverse
              regression approach},
   JOURNAL = {Scand. J. Statist.},
  FJOURNAL = {Scandinavian Journal of Statistics. Theory and Applications},
    VOLUME = {33},
      YEAR = {2006},
    NUMBER = {4},
     PAGES = {807--823},
      ISSN = {0303-6898},
   MRCLASS = {62G08 (62H30)},
  MRNUMBER = {2300917},
       DOI = {10.1111/j.1467-9469.2006.00496.x},
       URL = {http://dx.doi.org/10.1111/j.1467-9469.2006.00496.x},
}

@book {FVieu06,
    AUTHOR = {Ferraty, Fr{\'e}d{\'e}ric and Vieu, Philippe},
     TITLE = {Nonparametric functional data analysis},
    SERIES = {Springer Series in Statistics},
      NOTE = {Theory and practice},
 PUBLISHER = {Springer, New York},
      YEAR = {2006},
     PAGES = {xx+258},
      ISBN = {0-387-30369-3; 978-0387-30369-7},
   MRCLASS = {62-02 (62G05 62G07 62G08 62G20 62H30 62M10)},
  MRNUMBER = {2229687 (2007b:62008)},
MRREVIEWER = {Fazil A. Aliev},

}

@article {BJ11,
 AUTHOR = {Bouveyron, Charles and Jacques, Julien},
     TITLE = {Model-based clustering of time series in group-specific
              functional subspaces},
   JOURNAL = {Adv. Data Anal. Classif.},
  FJOURNAL = {Advances in Data Analysis and Classification. ADAC},
    VOLUME = {5},
      YEAR = {2011},
    NUMBER = {4},
     PAGES = {281--300},
      ISSN = {1862-5347},
   MRCLASS = {Database Expansion Item},
  MRNUMBER = {2860102},
       DOI = {10.1007/s11634-011-0095-6},
       URL = {http://dx.doi.org/10.1007/s11634-011-0095-6},
}

@article {Gaffney01,
 AUTHOR = {Gaffney, S.},
     TITLE = {Probabilistic curve-aligned clustering and prediction with mixture models},
   JOURNAL = {PhD thesis. Department of Computer Science. University of California, Irvine, USA},
      YEAR = {2001},
}

@article {JP13,
    AUTHOR = {Jacques, Julien and Preda, Cristian},
     TITLE = {Funclust: a curves clustering method using functional random variable density approximation},
   JOURNAL = {Neurocomputing. In press.},
      YEAR = {2013},
}

@article {JP14,
    AUTHOR = {Jacques, Julien and Preda, Cristian},
     TITLE = {Functional data clustering: a survey},
   JOURNAL = {Adv. Data Anal. Classif.},
  FJOURNAL = {Advances in Data Analysis and Classification. ADAC},
    VOLUME = {8},
      YEAR = {2014},
    NUMBER = {3},
     PAGES = {231--255},
      ISSN = {1862-5347},
   MRCLASS = {Database Expansion Item},
  MRNUMBER = {3253859},
       DOI = {10.1007/s11634-013-0158-y},
       URL = {http://dx.doi.org/10.1007/s11634-013-0158-y},
}

@article {HHLR10, 
 AUTHOR = {Hébrail, G. and Hugueney, B. and Lechevallier, Y. and Rossi, F.},
     TITLE = {Exploratory analysis of functional data via clustering and optimal segmentation},
   JOURNAL = {Neurocomputing. },
    VOLUME = {73},
      YEAR = {2010},
    NUMBER = {7-9},
     PAGES = {1125--1141},
}


@article {JS03,
   AUTHOR = {James, Gareth M. and Sugar, Catherine A.},
     TITLE = {Clustering for sparsely sampled functional data},
   JOURNAL = {J. Amer. Statist. Assoc.},
  FJOURNAL = {Journal of the American Statistical Association},
    VOLUME = {98},
      YEAR = {2003},
    NUMBER = {462},
     PAGES = {397--408},
      ISSN = {0162-1459},
     CODEN = {JSTNAL},
   MRCLASS = {62H30},
  MRNUMBER = {1995716 (2004h:62109)},
MRREVIEWER = {Kalev P{\"a}rna},
       DOI = {10.1198/016214503000189},
       URL = {http://dx.doi.org/10.1198/016214503000189},
}

@article {GLMP12,
    AUTHOR = {Giacofci, M. and Lambert-Lacroix, S. and Marot, G. and Picard,
              F.},
     TITLE = {Wavelet-based clustering for mixed-effects functional models
              in high dimension},
   JOURNAL = {Biometrics},
  FJOURNAL = {Biometrics. Journal of the International Biometric Society},
    VOLUME = {69},
      YEAR = {2013},
    NUMBER = {1},
     PAGES = {31--40},
      ISSN = {0006-341X},
   MRCLASS = {Database Expansion Item},
  MRNUMBER = {3058049},
       DOI = {10.1111/j.1541-0420.2012.01828.x},
       URL = {http://dx.doi.org/10.1111/j.1541-0420.2012.01828.x},
}




@article {HHS06,
    AUTHOR = {Heard, Nicholas A. and Holmes, Christopher C. and Stephens,
              David A.},
     TITLE = {A quantitative study of gene regulation involved in the immune
              response of anopheline mosquitoes: an application of
              {B}ayesian hierarchical clustering of curves},
   JOURNAL = {J. Amer. Statist. Assoc.},
  FJOURNAL = {Journal of the American Statistical Association},
    VOLUME = {101},
      YEAR = {2006},
    NUMBER = {473},
     PAGES = {18--29},
      ISSN = {0162-1459},
     CODEN = {JSTNAL},
   MRCLASS = {Database Expansion Item},
  MRNUMBER = {2252430},
       DOI = {10.1198/016214505000000187},
       URL = {http://dx.doi.org/10.1198/016214505000000187},
}

@article {KDK10,
    AUTHOR = {Kayano, Mitsunori and Dozono, Koji and Konishi, Sadanori},
     TITLE = {Functional cluster analysis via orthonormalized {G}aussian
              basis expansions and its application},
   JOURNAL = {J. Classification},
  FJOURNAL = {Journal of Classification},
    VOLUME = {27},
      YEAR = {2010},
    NUMBER = {2},
     PAGES = {211--230},
      ISSN = {0176-4268},
   MRCLASS = {62H30},
  MRNUMBER = {2726319 (2011k:62171)},
       DOI = {10.1007/s00357-010-9054-8},
       URL = {http://dx.doi.org/10.1007/s00357-010-9054-8},
}
		


	
@article {IPPV12, 
    AUTHOR = {Ieva, Francesca and Paganoni, Anna M. and Pigoli, Davide and
              Vitelli, Valeria},
     TITLE = {Multivariate functional clustering for the morphological
              analysis of electrocardiograph curves},
   JOURNAL = {J. R. Stat. Soc. Ser. C. Appl. Stat.},
  FJOURNAL = {Journal of the Royal Statistical Society. Series C. Applied
              Statistics},
    VOLUME = {62},
      YEAR = {2013},
    NUMBER = {3},
     PAGES = {401--418},
      ISSN = {0035-9254},
   MRCLASS = {Database Expansion Item},
  MRNUMBER = {3060623},
       DOI = {10.1111/j.1467-9876.2012.01062.x},
       URL = {http://dx.doi.org/10.1111/j.1467-9876.2012.01062.x},
}

@article {RV08,
AUTHOR = {Rossi, Fabrice and Villa, Nathalie},
     TITLE = {Recent advances in the use of {SVM} for functional data
              classification},
 BOOKTITLE = {Functional and operatorial statistics},
    SERIES = {Contrib. Statist.},
     PAGES = {273--280},
 PUBLISHER = {Physica-Verlag/Springer, Heidelberg},
      YEAR = {2008},
   MRCLASS = {62H30},
  MRNUMBER = {2490360},
       DOI = {10.1007/978-3-7908-2062-1_41},
       URL = {http://dx.doi.org/10.1007/978-3-7908-2062-1_41},
}

@article {Yamamoto12,
    AUTHOR = {Yamamoto, Michio},
     TITLE = {Clustering of functional data in a low-dimensional subspace},
   JOURNAL = {Adv. Data Anal. Classif.},
  FJOURNAL = {Advances in Data Analysis and Classification. ADAC},
    VOLUME = {6},
      YEAR = {2012},
    NUMBER = {3},
     PAGES = {219--247},
      ISSN = {1862-5347},
   MRCLASS = {62H30 (62G08)},
  MRNUMBER = {2980648},
       DOI = {10.1007/s11634-012-0113-3},
       URL = {http://dx.doi.org/10.1007/s11634-012-0113-3},
}

@article {SCGA11,
    AUTHOR = {Sam{\'e}, Allou and Chamroukhi, Faicel and Govaert, G{\'e}rard
              and Aknin, Patrice},
     TITLE = {Model-based clustering and segmentation of time series with
              changes in regime},
   JOURNAL = {Adv. Data Anal. Classif.},
  FJOURNAL = {Advances in Data Analysis and Classification. ADAC},
    VOLUME = {5},
      YEAR = {2011},
    NUMBER = {4},
     PAGES = {301--321},
      ISSN = {1862-5347},
   MRCLASS = {62H30 (62B10 62F15 62M10 62P30)},
  MRNUMBER = {2860103 (2012j:62243)},
MRREVIEWER = {Yurij S. Kharin},
       DOI = {10.1007/s11634-011-0096-5},
       URL = {http://dx.doi.org/10.1007/s11634-011-0096-5},
}

@article {GJKL14,
    AUTHOR = {Gamboa, Fabrice and Janon, Alexandre and Klein, Thierry and
              Lagnoux, Agn{\`e}s},
     TITLE = {Sensitivity analysis for multidimensional and functional
              outputs},
   JOURNAL = {Electron. J. Stat.},
  FJOURNAL = {Electronic Journal of Statistics},
    VOLUME = {8},
      YEAR = {2014},
    NUMBER = {1},
     PAGES = {575--603},
      ISSN = {1935-7524},
   MRCLASS = {62G05 (62G20 62H12)},
  MRNUMBER = {3211025},
       DOI = {10.1214/14-EJS895},
       URL = {http://dx.doi.org/10.1214/14-EJS895},
}

@ARTICLE{Owen2013,
   author = {{Owen}, A. and {Dick}, J. and {Chen}, S.},
    title = "{Higher order Sobol' indices}",
  journal = {ArXiv e-prints},
archivePrefix = "arXiv",
   eprint = {1306.4068},
 primaryClass = "math.NA",
 keywords = {Mathematics - Numerical Analysis, 62P30, 78M05, 41A55},
     year = 2013,
    month = jun,
   adsurl = {http://adsabs.harvard.edu/abs/2013arXiv1306.4068O},
  adsnote = {Provided by the SAO/NASA Astrophysics Data System}
}



@ARTICLE{Owen2012,
   author = {{Owen}, A.~B.},
    title = "{Variance components and generalized Sobol' indices}",
  journal = {ArXiv e-prints},
archivePrefix = "arXiv",
   eprint = {1205.1774},
 primaryClass = "math.NA",
 keywords = {Mathematics - Numerical Analysis, Statistics - Computation, Statistics - Methodology, 65C99},
     year = 2012,
    month = may,
   adsurl = {http://adsabs.harvard.edu/abs/2012arXiv1205.1774O},
  adsnote = {Provided by the SAO/NASA Astrophysics Data System}
}



@book {Ledoux01,
    AUTHOR = {Ledoux, Michel},
     TITLE = {The concentration of measure phenomenon},
    SERIES = {Mathematical Surveys and Monographs},
    VOLUME = {89},
 PUBLISHER = {American Mathematical Society},
   ADDRESS = {Providence, RI},
      YEAR = {2001},
     PAGES = {x+181},
      ISBN = {0-8218-2864-9},
   MRCLASS = {28C15 (28A35 46B09 60E15 82B44)},
  MRNUMBER = {1849347 (2003k:28019)},
MRREVIEWER = {Werner Linde},
}
	
@book {FR10,
    AUTHOR = {Ferraty, Frédéric and Romain, Yves},
     TITLE = {The Oxford Handbook of Functional Data Analysis},
 PUBLISHER = {Oxford Handbooks in Mathematics},
      YEAR = {2010},
     PAGES = {514},
      ISBN = {978-0-19-956844-4},
}	
	

@book {TL91,
    AUTHOR = {Ledoux, Michel and Talagrand, Michel},
     TITLE = {Probability in Banach Spaces. Isoperimetry and Processes},
    SERIES = {},
    VOLUME = {},
 PUBLISHER = {Springer},
   ADDRESS = {Berlin},
      YEAR = {A991},
     PAGES = {},
      ISBN = {},
   MRCLASS = {},
  MRNUMBER = {},
MRREVIEWER = {},
}		
		
@book {Billingsley99,
    AUTHOR = {Billingsley, Patrick},
     TITLE = {Convergence of probability measures},
    SERIES = {Wiley Series in Probability and Statistics: Probability and
              Statistics},
   EDITION = {Second},
      NOTE = {A Wiley-Interscience Publication},
 PUBLISHER = {John Wiley \& Sons Inc.},
   ADDRESS = {New York},
      YEAR = {1999},
     PAGES = {x+277},
      ISBN = {0-471-19745-9},
   MRCLASS = {60B10 (28A33 60F17)},
  MRNUMBER = {1700749 (2000e:60008)},
}
		
@article {Karhunen46,
    AUTHOR = {Karhunen, K.},
     TITLE = {\"{U}ber lineare {M}ethoden in der
              {W}ahrscheinlichkeitsrechnung},
   JOURNAL = {Ann. Acad. Sci. Fennicae. Ser. A. I. Math.-Phys.},
    VOLUME = {1947},
      YEAR = {1947},
    NUMBER = {37},
     PAGES = {79},
   MRCLASS = {60.0X},
  MRNUMBER = {0023013 (9,292i)},
MRREVIEWER = {J. L. Doob},
}

@article{xu2011,
  title={Reliability of global sensitivity indices},
  author={Xu, Chonggang and Gertner, George Zdzislaw},
  journal={Journal of Statistical Computation and Simulation},
  volume={81},
  number={12},
  pages={1939--1969},
  year={2011},
  publisher={Taylor \& Francis}
}
@article {Loeve46,
    AUTHOR = {Lo{\`e}ve, M.},
     TITLE = {Fonctions al\'eatoires de second ordre},
   JOURNAL = {Revue Sci.},
    VOLUME = {84},
      YEAR = {1946},
     PAGES = {195--206},
   MRCLASS = {60.0X},
  MRNUMBER = {0018375 (8,281i)},
}


@book {Loeve55,
    AUTHOR = {Lo{\`e}ve, M.},
     TITLE = {Probability theory. {I}. Fourth edition},
      NOTE = {Graduate Texts in Mathematics, Vol. 45},
 PUBLISHER = {Springer-Verlag},
   ADDRESS = {New York},
      YEAR = {1977},
     PAGES = {xvii+425},
   MRCLASS = {60-02},
  MRNUMBER = {0651017 (58 \#31324a)},
MRREVIEWER = {D. A. Darling},
}



@article{pinelis2009berry,
  title={Berry-Esseen bounds for general nonlinear statistics, with applications to Pearson's and non-central Student's and Hotelling's},
  author={Pinelis, I. and Molzon, R.},
  journal={Arxiv preprint arXiv:0906.0177v3},
  year={2012}
}

@article{hickernell2012guaranteed,
  title={Guaranteed Conservative Fixed Width Confidence Intervals Via Monte Carlo Sampling},
  author={Hickernell, Fred J and Jiang, Lan and Liu, Yuewei and Owen, Art},
  journal={arXiv preprint arXiv:1208.4318},
  year={2012}
}

@article {kleindelbosque,
    AUTHOR = {Klein, T. and Rio, E.},
     TITLE = {Concentration around the mean for maxima of empirical
              processes},
   JOURNAL = {Ann. Probab.},
  FJOURNAL = {The Annals of Probability},
    VOLUME = {33},
      YEAR = {2005},
    NUMBER = {3},
     PAGES = {1060--1077},
      ISSN = {0091-1798},
     CODEN = {APBYAE},
   MRCLASS = {60E15 (60F10)},
  MRNUMBER = {2135312 (2006c:60022)},
MRREVIEWER = {Peter Eichelsbacher},
       DOI = {10.1214/009117905000000044},
       URL = {http://dx.doi.org/10.1214/009117905000000044},
}

@article {popov,
    AUTHOR = {Korolev, V. Yu. and Shevtsova, I. G.},
     TITLE = {An upper bound for the absolute constant in the
              {B}erry-{E}sseen inequality},
   JOURNAL = {Teor. Veroyatn. Primen.},
  FJOURNAL = {Rossi\u\i skaya Akademiya Nauk. Teoriya Veroyatnoste\u\i\ i ee
              Primeneniya},
    VOLUME = {54},
      YEAR = {2009},
    NUMBER = {4},
     PAGES = {671--695},
      ISSN = {0040-361X},
   MRCLASS = {60F05 (60E15)},
  MRNUMBER = {2759643 (2011m:60068)},
MRREVIEWER = {Halina Hebda-Grabowska},
       DOI = {10.1137/S0040585X97984449},
}

@book{toselli2005domain,
  title={{Domain decomposition methods--algorithms and theory}},
  author={Toselli, A. and Widlund, O.B.},
  year={2005},
  publisher={Springer Verlag}
}

@book{ciarlet2002finite,
  title={{The finite element method for elliptic problems}},
  author={Ciarlet, P.G.},
  year={2002},
  publisher={Society for Industrial Mathematics}
}

@article{nguyen2005certified,
  title={{Certified real-time solution of parametrized partial differential equations}},
  author={Nguyen, N.C. and Veroy, K. and Patera, A.T.},
  journal={Handbook of Materials Modeling},
  pages={1523--1558},
  year={2005}
}

@article{janon2012asymptotic,
author = {Janon,Alexandre and Klein,Thierry and Lagnoux,Agnès and Nodet,Maëlle and Prieur,Clémentine},
title = {Asymptotic normality and efficiency of two Sobol index estimators},
journal = {ESAIM: Probability and Statistics},
volume = {18},
month = {1},
year = {2014},
issn = {1262-3318},
pages = {342--364},
numpages = {23},
doi = {10.1051/ps/2013040},
URL = {http://www.esaim-ps.org/article_S1292810013000402},
}

@article{GKL15,
  title={Sensitivity analysis based on Cram\'er von Mises distance},
  author={Gamboa, Fabrice and and Klein, Thierry and Lagnoux, Agn\`es},
  year={2015},
  howpublished={Submitted}
}


@misc{pickfreeze,
  title={Statistical inference for {S}obol pick freeze Monte Carlo method},
  author={Gamboa, Fabrice and Janon, Alexandre and Klein, Thierry and Lagnoux-Renaudie, Agn\`es and Prieur, Cl{\'e}mentine},
  year={2013},
  howpublished={Preprint available at \texttt{http://hal.inria.fr/hal-00804668/en}}
}


@misc{janon2011certified,
   title={{Certified reduced-basis solutions of viscous Burgers equations parametrized by initial and boundary values}},
	author={Janon, A. and Nodet, M. and Prieur, C.},
	howpublished={Preprint available at \url{http://hal.inria.fr/inria-00524727/en}},
	year={2010, \emph{Accepted in Mathematical modelling and Numerical Analysis}. }
}

@article{janon2012goal,
  title={Goal-oriented error estimation for reduced basis method, with application to certified sensitivity analysis},
  author={Janon, A. and Nodet, M. and Prieur, C.},
  year={2012}
}

@article{janon2010reduced,
  title={Reduced-basis solutions of affinely-parametrized linear partial differential equations},
  author={Janon, A.},
  year={2010}
}

@misc{janon2011confidence,
   title={{Uncertainties assessment in global sensitivity indices estimation from metamodels}},
   author={Janon, A. and Nodet, M. and Prieur, C.},
   howpublished={Preprint available at \url{http://hal.inria.fr/inria-00567977}},
   year={2011, \emph{Accepted in International Journal for Uncertainty Quantification}. }
}
%% inria-00567977, version 3
%% http://hal.inria.fr/inria-00567977
@article{janon:inria-00567977,
    hal_id = {inria-00567977},
    url = {http://hal.inria.fr/inria-00567977},
    title = {{Uncertainties assessment in global sensitivity indices estimation from metamodels}},
    author = {Janon, Alexandre and Nodet, Ma{\"e}lle and Prieur, Cl{\'e}mentine},
    abstract = {{Global sensitivity analysis is often impracticable for complex and resource intensive numerical models, as it requires a large number of runs. The metamodel approach replaces the original model by an approximated code that is much faster to run. This paper deals with the information loss in the estimation of sensitivity indices due to the metamodel approxima- tion. A method for providing a robust error assessment is presented, hence enabling significant time savings without sacrificing on precision and rigor. The methodology is illustrated on two different types of metamodels: one based on reduced basis, the other one on RKHS interpolation.}},
    keywords = {sensitivity analysis ; reduced basis method ; Sobol indices ; bootstrap method ; Monte Carlo method.},
    language = {Anglais},
    affiliation = {MOISE - INRIA Grenoble Rh{\^o}ne-Alpes / LJK Laboratoire Jean Kuntzmann , GdR MASCOT-NUM - (M{\'e}thodes d'Analyse Stochastique des Codes et Traitements Num{\'e}riques)},
    publisher = {Begell House Publishers},
    journal = {International Journal for Uncertainty Quantification},
    audience = {internationale },
    doi = {10.1615/Int.J.UncertaintyQuantification.2012004291 },
    year = {2012},
    pdf = {http://hal.inria.fr/inria-00567977/PDF/BoundSA3.pdf},
}

@misc{janon2011uncertainties,
   title={{Uncertainties assessment in global sensitivity indices estimation from metamodels}},
   author={Janon, A. and Nodet, M. and Prieur, C.},
   howpublished={Preprint available at \url{http://hal.inria.fr/inria-00567977}},
   year={2011, \emph{Accepted in International Journal for Uncertainty Quantification}. }
}

@article{da2008efficient,
  title={Efficient Estimation of Sensitivity Indices},
    author={Da Veiga, S. and Gamboa, F.},
      year={2012},
      journal={Journal of Nonparametric Statistics, in press},
		url={http://arxiv.org/abs/1203.2899}
}

@book {ibragimov1981statistical,
    AUTHOR = {Ibragimov, I.A. and Has' Minskii, RZ},
     TITLE = {Statistical estimation--asymptotic theory},
       NOTE = {Applications of Mathematics, Vol. 16},
 PUBLISHER = {Springer-Verlag},
   ADDRESS = {New York},
      YEAR = {1981},
     PAGES = {vii+403},
  MRNUMBER = {ISBN 0-3879-0523-5},
}

@article{bui2007goal,
  title={{Goal-oriented, model-constrained optimization for reduction of large-scale systems}},
  author={Bui-Thanh, T. and Willcox, K. and Ghattas, O. and van Bloemen Waanders, B.},
  journal={Journal of Computational Physics},
  volume={224},
  number={2},
  pages={880--896},
  year={2007},
  publisher={Elsevier}
}

@article{nguyen2009reduced,
  title={{Reduced basis approximation and a posteriori error estimation for the time-dependent viscous Burgersâ equation}},
  author={Nguyen, N.C. and Rozza, G. and Patera, A.T.},
  journal={Calcolo},
  volume={46},
  number={3},
  pages={157--185},
  year={2009},
  publisher={Springer}
}

@article{huynh2007successive,
  title={{A successive constraint linear optimization method for lower bounds of parametric coercivity and inf-sup stability constants}},
  author={Huynh, D.B.P. and Rozza, G. and Sen, S. and Patera, A.T.},
  journal={Comptes Rendus Mathematique},
  volume={345},
  number={8},
  pages={473--478},
  year={2007},
  publisher={Elsevier}
}

@book{nocedal1999numerical,
  title={{Numerical optimization}},
  author={Nocedal, J. and Wright, S.J.},
  year={1999},
  publisher={Springer Verlag}
}

@article{grepl2007efficient,
  title={{Efficient reduced-basis treatment of nonaffine and nonlinear partial differential equations}},
  author={Grepl, M.A. and Maday, Y. and Nguyen, N.C. and Patera, A.T.},
  journal={Mathematical Modelling and Numerical Analysis},
  volume={41},
  number={3},
  pages={575--605},
  year={2007},
  publisher={edpsciences. org}
}

@phdthesis{grepl2005thesis,
author={Grepl, M.A.},
title={{Reduced-Basis Approximation and A Posteriori Error Estimation
for Parabolic Partial Differential Equations}},
school={Massachusetts Institute of Technology},
year={2005}
}

@misc{volkwein1999proper,
  title={{Proper orthogonal decomposition and singular value decomposition}},
  author={Volkwein, S.},
  year={1999},
  howpublished={Tech. report Karl-Franzens-Univ. Graz \& Techn. Univ. Graz}
}

@book{quarteroni2008numerical,
  title={{Numerical approximation of partial differential equations}},
  author={Quarteroni, A.M. and Valli, A.},
  year={2008},
  publisher={Springer}
}

@article{saltelli2002making,
  title={{Making best use of model evaluations to compute sensitivity indices}},
  author={Saltelli, A.},
  journal={Computer Physics Communications},
  volume={145},
  number={2},
  pages={280--297},
  year={2002},
  publisher={Elsevier}
}

@article{babuska1973finite,
  title={{The finite element method with penalty}},
  author={Babuska, I.},
  journal={Math. Comp},
  volume={27},
  number={122},
  pages={221--228},
  year={1973}
}

@article{barrett1986finite,
  title={{Finite element approximation of the Dirichlet problem using the boundary penalty method}},
  author={Barrett, J.W. and Elliott, C.M.},
  journal={Numerische Mathematik},
  volume={49},
  number={4},
  pages={343--366},
  year={1986},
  publisher={Springer}
}

@article{utku1982boundary,
  title={{Boundary penalty techniques}},
  author={Utku, M. and Carey, GF},
  journal={Computer Methods in Applied Mechanics and Engineering},
  volume={30},
  number={1},
  pages={103--118},
  year={1982},
  publisher={Elsevier}
}

@misc{arpack96,
key={ARPACK},
	title={{ARPACK: Arnoldi Package}},
	howpublished={\url{http://www.caam.rice.edu/software/ARPACK/}}
}

@misc{glpk10,
key={GLPK},
	title={{GLPK: GNU Linear Programming Kit}},
	howpublished={\url{http://www.gnu.org/software/glpk/}}
}

@misc{gomp,
key={GOMP},
	title={{GOMP: An OpenMP implementation for GCC}},
	howpublished={\url{http://gcc.gnu.org/projects/gomp/}}
}

@article{chatterjee2000introduction,
  title={{An introduction to the proper orthogonal decomposition}},
  author={Chatterjee, A.},
  journal={Current Science},
  volume={78},
  number={7},
  pages={808--817},
  year={2000}
}

@book{strikwerda2004finite,
  title={{Finite difference schemes and partial differential equations}},
  author={Strikwerda, J.C.},
  year={2004},
  publisher={Society for Industrial Mathematics}
}

@article{veroy2003reduced,
  title={{Reduced-basis approximation of the viscous Burgers equation: rigorous a posteriori error bounds}},
  author={Veroy, K. and Prud'homme, C. and Patera, A.T.},
  journal={Comptes Rendus Mathematique},
  volume={337},
  number={9},
  pages={619--624},
  year={2003},
  publisher={Elsevier}
}

@article{grepl2005posteriori,
  title={{A posteriori error bounds for reduced-basis approximations of parametrized parabolic partial differential equations}},
  author={Grepl, M.A. and Patera, A.T.},
  journal={Mathematical Modelling and Numerical Analysis},
  volume={39},
  number={1},
  pages={157--181},
  year={2005}
}

@article{buffa2009apriori,
  title={{A priori convergence of the greedy algorithm for the parametrized reduced basis}},
  author={Buffa, A. and Maday, Y. and Patera, A.T. and Prud'homme, C. and Turinici, G.},
  journal={Mathematical Modelling and Numerical Analysis},
  year={2009}
}

@article{veroy2005certified,
  title={{Certified real-time solution of the parametrized steady incompressible Navier-Stokes equations: Rigorous reduced-basis a posteriori error bounds}},
  author={Veroy, K. and Patera, A.T.},
  journal={International Journal for Numerical Methods in Fluids},
  volume={47},
  number={8-9},
  pages={773--788},
  year={2005},
  publisher={John Wiley \& Sons}
}

@article{helton2006survey,
  title={{Survey of sampling-based methods for uncertainty and sensitivity analysis}},
  author={Helton, J.C. and Johnson, J.D. and Sallaberry, C.J. and Storlie, C.B.},
  journal={Reliability Engineering \& System Safety},
  volume={91},
  number={10-11},
  pages={1175--1209},
  year={2006},
  publisher={Elsevier}
}

@article{hopf1950partial,
  title={{The partial differential equation $ u_t+ uu_x= \mu_{xx} $ }},
  author={Hopf, E.},
  journal={Communications on Pure and Applied Mathematics},
  volume={3},
  number={3},
  pages={201--230},
  year={1950},
  publisher={John Wiley \& Sons}
}

@book{rocquigny2008uncertainty,
  title={Uncertainty in industrial practice},
  author={De Rocquigny, E. and Devictor, N. and Tarantola, S.},
  year={2008},
  publisher={Wiley Online Library}
}

@book {saltelli-sensitivity,
    AUTHOR = {Saltelli, A. and Chan, K. and Scott, E.M.},
     TITLE = {Sensitivity analysis},
 PUBLISHER = {Wiley Series in Probability and Statistics. John Wiley \& Sons, Ltd.},
   ADDRESS = {Chichester},
      YEAR = {2000},
     PAGES = {xviii+475},
  MRNUMBER = {ISBN: 0-471-99892-3},
}


@misc{saltelli2004practice,
   title={{Sensitivity analysis in practice: a guide to assessing scientific models}},
	author={Saltelli, A. and Tarantola, S. and Campolongo F. and Ratto M.},
	year={2004},
	publisher={Wiley: New York}
}

@book{saltelli2008global,
  title={Global sensitivity analysis: the primer},
  author={Saltelli, A. and Ratto, M. and Andres, T. and Campolongo, F. and Cariboni, J. and Gatelli, D. and Saisana, M. and Tarantola, S.},
  year={2008},
  publisher={Wiley Online Library}
}

@book{box1987empirical,
  title={Empirical model-building and response surfaces.},
    author={Box, G.E.P. and Draper, N.R.},
      year={1987},
        publisher={John Wiley \& Sons}
}


@article{storlie2009implementation,
  title={{Implementation and evaluation of nonparametric regression procedures for sensitivity analysis of computationally demanding models}},
  author={Storlie, C.B. and Swiler, L.P. and Helton, J.C. and Sallaberry, C.J.},
  journal={Reliability Engineering \& System Safety},
  volume={94},
  number={11},
  pages={1735--1763},
  year={2009},
  publisher={Elsevier}
}

@article{sobol2001global,
  title={{Global sensitivity indices for nonlinear mathematical models and their Monte Carlo estimates}},
  author={Sobol, I.M.},
  journal={Mathematics and Computers in Simulation},
  volume={55},
  number={1-3},
  pages={271--280},
  year={2001},
  publisher={Elsevier}
}

@article{sudret2008global,
  title={{Global sensitivity analysis using polynomial chaos expansions}},
  author={Sudret, B.},
  journal={Reliability Engineering \& System Safety},
  volume={93},
  number={7},
  pages={964--979},
  year={2008},
  publisher={Elsevier}
}

@article{blatman2009adaptive,
  title={{An adaptive algorithm to build up sparse polynomial chaos expansions for stochastic finite element analysis}},
  author={Blatman, G. and Sudret, B.},
  journal={Probabilistic Engineering Mechanics},
  year={2009},
  publisher={Elsevier}
}

@book{ghanem2003stochastic,
  title={{Stochastic finite elements: a spectral approach}},
  author={Ghanem, R.G. and Spanos, P.D.},
  year={2003},
  publisher={Dover Pubns}
}

@article{mathelin2007dual,
  title={{Dual-based a posteriori error estimate for stochastic finite element methods}},
  author={Mathelin, L. and Le Ma{\^\i}tre, O.},
  journal={Communications in Applied Mathematics and Computational Science},
  volume={2},
  number={1},
  pages={83--115},
  year={2007}
}

@book{efron1993introduction,
  title={{An introduction to the bootstrap}},
  author={Efron, B. and Tibshirani, R.J.},
  year={1993},
  publisher={Chapman \& Hall/CRC}
}

@article{boyaval2009reduced,
  title={{A reduced basis approach for variational problems with stochastic parameters: Application to heat conduction with variable robin coefficient}},
  author={Boyaval, S. and Le Bris, C. and Maday, Y. and Nguyen, N.C. and Patera, A.T.},
  journal={Computer Methods in Applied Mechanics and Engineering},
  volume={198},
  number={41-44},
  pages={3187--3206},
  year={2009},
  publisher={Elsevier}
}

@article{archer1997sensitivity,
  title={{Sensitivity measures, ANOVA-like techniques and the use of bootstrap}},
  author={Archer, GEB and Saltelli, A. and Sobol, IM},
  journal={Journal of Statistical Computation and Simulation},
  volume={58},
  number={2},
  pages={99--120},
  year={1997},
  publisher={Taylor \& Francis}
}

@article{marrel2009calculations,
  title={{Calculations of sobol indices for the gaussian process metamodel}},
  author={Marrel, A. and Iooss, B. and Laurent, B. and Roustant, O.},
  journal={Reliability Engineering \& System Safety},
  volume={94},
  number={3},
  pages={742--751},
  year={2009},
  publisher={Elsevier}
}

@article{metropolis1953equation,
  title={{Equation of state calculations by fast computing machines}},
  author={Metropolis, N. and Rosenbluth, A.W. and Rosenbluth, M.N. and Teller, A.H. and Teller, E. and others},
  journal={The journal of chemical physics},
  volume={21},
  number={6},
  pages={1087},
  year={1953}
}

@article{kirkpatrick1983optimization,
  title={{Optimization by simulated annealing}},
  author={Kirkpatrick, S. and Gelatt Jr, C.D. and Vecchi, M.P.},
  journal={Science},
  volume={220},
  number={4598},
  pages={671},
  year={1983},
  publisher={AAAS}
}

@book{pardalos2002handbook,
  title={{Handbook of global optimization. Volume 2}},
  author={Pardalos, P.M. and Romeijn, H.E.},
  year={2002},
  publisher={Kluwer}
}



@article{nourani1998comparison,
  title={{A comparison of simulated annealing cooling strategies}},
  author={Nourani, Y. and Andresen, B.},
  journal={Journal of Physics A: Mathematical and General},
  volume={31},
  pages={8373},
  year={1998},
  publisher={IOP Publishing}
}

@misc{algorithms1998art,
  title={{The Art of Computer Programming, vol. 2: Seminumerical algorithms}},
  author={Knuth, D.},
  year={1998},
  publisher={Addison-Wesley}
}

@article{press1992numerical,
  title={{Numerical recipes in C: the art of scientific programming}},
  author={Press, W.H. and Flannery, B.P. and Teukolsky, S.A. and Vetterling, W.T.},
  journal={Cambridge U. Press, Cambridge, England},
  year={1992}
}

@article{homma1996importance,
  title={{Importance measures in global sensitivity analysis of nonlinear models}},
  author={Homma, T. and Saltelli, A.},
  journal={Reliability Engineering \& System Safety},
  volume={52},
  number={1},
  pages={1--17},
  issn={0951-8320},
  year={1996},
  publisher={Elsevier}
}

@article{ilak2008modeling,
  title={{Modeling of transitional channel flow using balanced proper orthogonal decomposition}},
  author={Ilak, M. and Rowley, C.W.},
  journal={Physics of Fluids},
  volume={20},
  pages={034103},
  year={2008}
}

@article{bergmann2008numerical,
  title={{Numerical methods for low-order modeling of fluid flows based on POD}},
  author={Bergmann, J.W.E.L.M. and Iollo, A.},
  year={2008}
}


@article{efron1986bootstrap,
  title={{Bootstrap methods for standard errors, confidence intervals, and other measures of statistical accuracy}},
  author={Efron, B. and Tibshirani, R.},
  journal={Statistical science},
  volume={1},
  number={1},
  pages={54--75},
  issn={0883-4237},
  year={1986},
  publisher={JSTOR}
}

@article{efron1981nonparametric,
  title={{Nonparametric standard errors and confidence intervals}},
  author={Efron, B.},
  journal={Canadian Journal of Statistics},
  volume={9},
  number={2},
  pages={139--158},
  issn={1708-945X},
  year={1981},
  publisher={Wiley Online Library}
}

@misc{girault1986finite,
  title={{Finite element methods for Navier-Stokes equations, volume 5 of Springer Series in Computational Mathematics}},
  author={Girault, V. and Raviart, P.A.},
  year={1986},
  publisher={Springer-Verlag, Berlin}
}

@article{haasdonk2008reduced,
  title={{Reduced basis method for finite volume approximations of parametrized linear evolution equations}},
  author={Haasdonk, B. and Ohlberger, M.},
  journal={ESAIM: Mathematical Modelling and Numerical Analysis},
  volume={42},
  number={2},
  pages={277--302},
  issn={0764-583X},
  year={2008},
  publisher={EDP Sciences}
}

@article{knezevic2010certified,
  title={{A certified reduced basis method for the Fokker-Planck equation of dilute polymeric fluids: FENE dumbbells in extensional flow}},
  author={Knezevic, D.J. and Patera, A.T.},
  journal={SIAM Journal on Scientific Computing},
  volume={32},
  number={2},
  pages={793--817},
  issn={1064-8275},
  year={2010},
  publisher={Society for Industrial and Applied Mathematics}
}

@article{jung2009reduced,
  title={{Reduced Basis Method for quadratically nonlinear transport equations}},
  author={Jung, N. and Haasdonk, B. and Kroner, D.},
  journal={International Journal of Computing Science and Mathematics},
  volume={2},
  number={4},
  pages={334--353},
  issn={1752-5055},
  year={2009},
  publisher={Inderscience}
}


@article{rovas2006reduced,
  title={{Reduced-basis output bound methods for parabolic problems}},
  author={Rovas, D.V. and Machiels, L. and Maday, Y.},
  journal={IMA journal of numerical analysis},
  volume={26},
  number={3},
  pages={423},
  issn={0272-4979},
  year={2006},
  publisher={Oxford University Press}
}

@article{quarteronicertified,
  title={Certified Reduced Basis Approximation for Parametrized Partial Differential Equations and Applications},
  author={Quarteroni, A. and Rozza, G. and Manzoni, A.},
  year=2011,
  journal={Math. Industry}
}

@book{SWN03,
    Author = {Santner, T.  J. and Williams, B. and Notz, W.},
    Title = {The Design and Analysis of Computer Experiments},
    Year = 2003,
    Publisher = {Springer-Verlag},
    Pages = {283}
}

@article{schaback2011interp,
	author={Scheuerer, M. and Schaback, R. and Schlather, M.},
	title={Interpolation of Spatial Data -- A Stochastic or a Deterministic Problem ?},
  journal={Preprint, Universit{\"a}t G{\"o}ttingen. \url{http://num.math.uni-goettingen.de/schaback/research/papers/IoSD.pdf}},	
	year=2011}

@inproceedings{schaback2003mathematical,
  title={Mathematical results concerning kernel techniques},
  author={Schaback, R.},
  booktitle={Prep. 13th IFAC Symposium on System Identification, Rotterdam},
  pages={1814--1819},
  year={2003},
  organization={Citeseer}
}

@Manual{Rlang,
    title = {R: A Language and Environment for Statistical Computing},
    author = {{R Core Team}},
    organization = {R Foundation for Statistical Computing},
    address = {Vienna, Austria},
    year = {2012},
    note = {{ISBN} 3-900051-07-0},
    url = {http://www.R-project.org/},
  }

@Manual{Rmlegp,
    title = {mlegp: Maximum Likelihood Estimates of Gaussian Processes},
    author = {Garrett M. Dancik},
    year = {2011},
    note = {R package version 3.1.2},
    url = {http://CRAN.R-project.org/package=mlegp}
}

@Manual{LbfgsB,
title={L-BFGS-B: Algorithm 778: L-BFGS-B, FORTRAN routines for large scale bound constrained optimization},
author={Zhu, C. and Bryd, R.H. and Nocedal, J.},
year={1997},
url={http://www.ece.northwestern.edu/~nocedal/PSfiles/lbfgsb.ps.gz}
}

@Manual{saltelli2004tutorial,
  title={Sensitivity analysis: an introduction (tutorial)},
  author={Saltelli, A.},
  booktitle={Proc. 4th International Conference on Sensitivity Analysis of Model Output (SAMO 2004), Santa Fe, New Mexico},
  year={2004},
  url={http://sensitivity-analysis.jrc.ec.europa.eu/tutorial/Saltelli_tutorial.pdf}
}


@Manual{Rlhs,
    title = {lhs: Latin Hypercube Samples},
    author = {Rob Carnell},
    year = {2009},
    note = {R package version 0.5},
  }

@book {van2000asymptotic,
    AUTHOR = {van der Vaart, A. W.},
     TITLE = {Asymptotic statistics},
    SERIES = {Cambridge Series in Statistical and Probabilistic Mathematics},
    VOLUME = {3},
 PUBLISHER = {Cambridge University Press},
   ADDRESS = {Cambridge},
      YEAR = {1998},
     PAGES = {xvi+443},
      ISBN = {0-521-49603-9; 0-521-78450-6},
   MRCLASS = {62-02 (62E20 62F05 62F12 62G07 62G09 62G20)},
  MRNUMBER = {1652247 (2000c:62003)},
MRREVIEWER = {Nancy Reid},
}

@Manual{compmodsa,
    title = {CompModSA: Sensitivity Analysis for Complex Computer Models},
    author = {Curtis Storlie with contributions from Alexandre Janon},
    year = {2012},
    note = {R package version 1.3.1-1},
    url = {http://CRAN.R-project.org/package=CompModSA},
  }

@Manual{rsensitivity,
    title = {sensitivity: Sensitivity Analysis},
    author = {Gilles Pujol and Bertrand Iooss and Alexandre Janon},
    year = {2012},
    note = {R package version 1.5},
    url = {http://CRAN.R-project.org/package=sensitivity},
  }


@preamble{
   "\def\cprime{$'$} "
}

@article{sobol1993,
    AUTHOR = {Sobol, I. M.},
     TITLE = {Sensitivity estimates for nonlinear mathematical models},
   JOURNAL = {Math. Modeling Comput. Experiment},
  FJOURNAL = {Mathematical Modeling and Computational Experiment. Model,
              Algorithm, Code},
    VOLUME = {1},
      YEAR = {1993},
    NUMBER = {4},
     PAGES = {407--414 (1995)},
      ISSN = {1061-7590},
   MRCLASS = {65C05},
  MRNUMBER = {1335161 (96a:65010)},
}

@inproceedings{ishigami1990importance,
  title={An importance quantification technique in uncertainty analysis for computer models},
  author={Ishigami, T. and Homma, T.},
  booktitle={First International Symposium on Uncertainty Modeling and Analysis  Proceedings, 1990. },
  pages={398--403},
  year={1990},
  organization={IEEE}
}
@article{cukier1973study,
  title={Study of the sensitivity of coupled reaction systems to uncertainties in rate coefficients. I Theory},
  author={Cukier, RI and Fortuin, CM and Shuler, K.E. and Petschek, AG and Schaibly, JH.},
  journal={The Journal of Chemical Physics},
  volume={59},
  number={8},
  pages={3873},
  year={1973}
}

@article{cukier1975study,
  title={Study of the sensitivity of coupled reaction systems to uncertainties in rate coefficients. III. Analysis of the approximations},
  author={Cukier, RI and Schaibly, JH and Shuler, K.E.},
  journal={The Journal of Chemical Physics},
  volume={63},
  pages={1140},
  year={1975}
}

@article{cukier1978nonlinear,
  title={Nonlinear sensitivity analysis of multiparameter model systems},
  author={Cukier, RI and Levine, HB and Shuler, KE},
  journal={Journal of computational physics},
  volume={26},
  number={1},
  pages={1--42},
  year={1978},
  publisher={Elsevier}
}

@article{cukier1973study,
  title={Study of the sensitivity of coupled reaction systems to uncertainties in rate coefficients. },
  author={Cukier, RI and Fortuin, CM and Shuler, K.E. and Petschek, AG and Schaibly, JH.},
  journal={The Journal of Chemical Physics},
  volume={59},
  number={8},
  pages={3873},
  year={1973}
}

@article{weyl1938mean,
  title={Mean motion},
  author={Weyl, H.},
  journal={American Journal of Mathematics},
  volume={60},
  number={4},
  pages={889--896},
  year={1938},
  publisher={JSTOR}
}

@article{tissot2010bias,
  title={Bias correction method for the estimation of sensitivity indices based on random balanced designs},
  author={Tissot, J.Y. and Prieur, C.},
  journal={Reliability Engineering and System Safety},
  year={2012},
  volume={107},
  pages={205--213},
}

@article{tissot2012variance,
  title={Variance-based sensitivity analysis using harmonic analysis},
  author={Tissot, J.Y. and Prieur, C.},
  year={2012},
  journal={\emph{Submitted}}
}

@article{TP14,
  title={Estimating Sobol's indices combining Monte
Carlo estimators and Latin hypercube sampling},
  author={Tissot, J.Y. and Prieur, C.},
	url={http://hal.archives-ouvertes.fr/hal-00743964},
  year={2014},
  journal={Technical report, \emph{Submitted}}
}

@article{McKay95,
  title={Evaluating prediction uncertainty},
  author={McKay, M.D.},
  year={2014},
  journal={Technical report. Los Alamos National Laboratory Report NUREG/CR- 6311, LA-12915-
MS.}
}

@article{MJ08,
  title={Comparison of some effcient methods to
evaluate the main effect of computer model factors},
  author={Mara, T.A. and Joseph, O.R.},
  year={2008},
  journal={Journal of Statistical
Computation and Simulation},
	pages={167--178},
	volume={78}
}



@article{tarantola2006random,
  title={Random balance designs for the estimation of first order global sensitivity indices},
  author={Tarantola, S. and Gatelli, D. and Mara, TA},
  journal={Reliability Engineering \& System Safety},
  volume={91},
  number={6},
  pages={717--727},
  year={2006},
  publisher={Elsevier}
}

@article{tarantola2006random,
  title={Random balance designs for the estimation of first order global sensitivity indices},
  author={Tarantola, S. and Gatelli, D. and Mara, TA},
  journal={Reliability Engineering \& System Safety},
  volume={91},
  number={6},
  pages={717--727},
  year={2006},
  publisher={Elsevier}
}

@article{saltelli1999quantitative,
  title={A quantitative model-independent method for global sensitivity analysis of model output},
  author={Saltelli, A. and Tarantola, S. and Chan, K.P.S.},
  journal={Technometrics},
  pages={39--56},
  year={1999},
  publisher={JSTOR}
}




@Manual{R2011,
  title = {R: A Language and Environment for Statistical Computing},
  author = {{R Development Core Team}},
  organization = {R Foundation for Statistical Computing},
  address = {Vienna, Austria},
  year = {2011},
  note = {{ISBN} 3-900051-07-0},
  url = {http://www.R-project.org/},
}

@article{madych1992bounds,
  title={Bounds on multivariate polynomials and exponential error estimates for multiquadric interpolation},
  author={Madych, WR and Nelson, SA},
  journal={Journal of Approximation Theory},
  volume={70},
  number={1},
  pages={94--114},
  year={1992},
  publisher={Elsevier}
}

@Article{Rnp2008,
    title = {Nonparametric Econometrics: The np Package},
    author = {Tristen Hayfield and Jeffrey S. Racine},
    journal = {Journal of Statistical Software},
    year = {2008},
    volume = {27},
    number = {5},
    url = {http://www.jstatsoft.org/v27/i05/},
  }

@inproceedings{morariu08figtree,
  author    = {Vlad I. Morariu and Balaji Vasan Srinivasan and 
               Vikas C. Raykar and Ramani Duraiswami and Larry S. Davis},
  title     = {Automatic online tuning for fast Gaussian summation},
  booktitle = {Advances in Neural Information Processing Systems (NIPS)},
  year      = {2008},
  url = {http://www.umiacs.umd.edu/~morariu/figtree/}
}
  
@techreport{greengard1989fast,
  title={The fast Gauss transform},
  author={Greengard, L. and Strain, J.},
  year={1989},
  institution={Yale Research Report}
}

@techreport{venturipb,
title={Rapid Reliable Solution
of the Parametrized Partial Differential Equations
of Continuum Mechanics and Transport, Venturi: Potential Flow},
author={Rozza, G. and Patera A.T.},
url={http://augustine.mit.edu/workedproblems/rbMIT/venturi/F_rbMIT_venturi_overview.htm}
}

@article{racine1993efficient,
  title={An efficient cross-validation algorithm for window width selection for nonparametric kernel regression},
  author={Racine, J.},
  journal={Communications in Statistics Simulation and Computation},
  volume={22},
  pages={1107--1107},
  year={1993},
  publisher={Citeseer}
}

@book{billingsley2008probability,
  title={Probability and measure},
  author={Billingsley, P.},
  year={2008},
  publisher={Wiley}
}

@article{quarteroni2011certified,
  title={Certified reduced basis approximation for parametrized partial differential equations and applications},
  author={Quarteroni, A. and Rozza, G. and Manzoni, A.},
  journal={Journal of Mathematics in Industry},
  volume={1},
  number={1},
  pages={3},
  year={2011},
  publisher={Springer}
}

@article{sirovich1987turbulence,
  title={Turbulence and the dynamics of coherent structures. Part I-II},
  author={Sirovich, L.},
  journal={Quarterly of applied mathematics},
  volume={45},
  number={3},
  pages={561--590},
  year={1987}
}

@article{urban2012new,
  title={A new error bound for reduced basis approximation of parabolic partial differential equations},
    author={Urban, K. and Patera, A.T.},
      journal={Comptes Rendus Mathematique},
        year={2012},
          publisher={Elsevier}
}

@article{grepl2005posteriori,
  title={A posteriori error bounds for reduced-basis approximations of parametrized parabolic partial differential equations},
  author={Grepl, M.A. and Patera, A.T.},
  journal={ESAIM-Mathematical Modelling and Numerical Analysis},
  volume={39},
  number={1},
  pages={157--182},
  year={2005},
  publisher={Paris: EDP Sciences, SMAI, c1999-}
}

@article{knezevic2010reduced,
  title={Reduced basis approximation and a posteriori error estimation for the parametrized unsteady Boussinesq equations},
  author={Knezevic, D.J. and Nguyen, N.C. and Patera, A.T.},
  journal={Mathematical Models and Methods in Applied Sciences},
  year={2010}
}


@article{veroy2005certified,
  title={Certified real-time solution of the parametrized steady incompressible Navier--Stokes equations: rigorous reduced-basis a posteriori error bounds},
  author={Veroy, K. and Patera, AT},
  journal={International Journal for Numerical Methods in Fluids},
  volume={47},
  number={8-9},
  pages={773--788},
  year={2005},
  publisher={Wiley Online Library}
}

@article{willcox2002balanced,
  title={Balanced model reduction via the proper orthogonal decomposition},
  author={Willcox, K. and Peraire, J.},
  journal={AIAA journal},
  volume={40},
  number={11},
  pages={2323--2330},
  year={2002}
}

@article{rozza2008venturi,
  title={Venturi: Potential Flow},
  author={Rozza, G. and Patera A.T.},
  year={2008},
  journal={\url{http://augustine.mit.edu/workedproblems/rbMIT/venturi/}}
}

@article{BHP13,
  title={Probabilistic Sensitivity Measures: Foundations and Estimation},
  author={Borgonovo, E. and Hazen, G.B.. and Plischke, E.},
  year={2013},
  journal={Operations Research}
}


@INCOLLECTION{Monod2006,
  author = {H. Monod and C. Naud and D. Makowski},
  title = {Uncertainty and sensitivity analysis for crop models},
  booktitle = {Working with Dynamic Crop Models: Evaluation, Analysis, Parameterization,
    and Applications},
  publisher = {Elsevier},
  year = {2006},
  editor = {D. Wallach and D. Makowski and J. W. Jones},
  chapter = {4},
  pages = {55-99}
}

@article{Borgonovo11,
  title={Moment Independent Importance Measures: New Results and Analytical Test Cases},
  author={Borgonovo, E. and Castaings, W. and Tarantola, S.},
  journal={Risk Analysis},
  volume={31},
  number={3},
  pages={404--428},
  year={2011},
  publisher={Wiley Online Library}
}


@article{BI14,
  title={Moment Independent Importance Measures and a Common Rationale},
  author={Borgonovo, E. and Iooss, B.},
  journal={Submitted},
  year={2014}
}


@article{iooss2011revue,
  title={Revue sur l'analyse de sensibilit{\'e} globale de mod{\`e}les num{\'e}riques},
  author={Iooss, B.},
  journal={Journal de la Soci{\'e}t{\'e} Fran{\c{c}}aise de Statistique},
  volume={152},
  number={1},
  pages={3--25},
  year={2011}
}

@article{sobol2009derivative,
  title={Derivative based global sensitivity measures and their link with global sensitivity indices},
  author={Sobol, IM and Kucherenko, S.},
  journal={Mathematics and Computers in Simulation},
  volume={79},
  number={10},
  pages={3009--3017},
  year={2009},
  publisher={Elsevier}
}

@article{lamboni2012derivative,
  title={Derivative-based global sensitivity measures: general links with Sobol'indices and numerical tests},
  author={Lamboni, M. and Iooss, B. and Popelin, A.L. and Gamboa, F.},
  journal={Arxiv preprint arXiv:1202.0943},
  year={2012}
}

@article{chastaing2011generalized,
  title={Generalized Hoeffding-Sobol Decomposition for Dependent Variables-Application to Sensitivity Analysis},
  author={Chastaing, G. and Gamboa, F. and Prieur, C.},
  journal={Arxiv preprint arXiv:1112.1788},
  year={2011}
}

@article{von1964mathematical,
  title={Mathematical theory of probability and statistics},
  author={Von Mises, R.},
  journal={Mathematical Theory of Probability and Statistics, New York: Academic Press, 1964},
  volume={1},
  year={1964}
}


@book{santner2003design,
  title={The design and analysis of computer experiments},
  author={Santner, T.J. and Williams, B.J. and Notz, W.},
  year={2003},
  publisher={Springer Verlag}
}


@article{oakley2004probabilistic,
  title={Probabilistic sensitivity analysis of complex models: a Bayesian approach},
  author={Oakley, J.E. and O'Hagan, A.},
  journal={Journal of the Royal Statistical Society: Series B (Statistical Methodology)},
  volume={66},
  number={3},
  pages={751--769},
  year={2004},
  publisher={Wiley Online Library}
}

@book{matheron1965variables,
  title={Les variables r{\'e}gionalis{\'e}es et leur estimation},
  author={Matheron, G.},
  year={1965},
  publisher={Paris}
}

@unpublished{bretonpoly2006,
  title={Processus Gaussiens},
  author={Breton J.-C.},
  year={2006}
}



@article{fort2012estimation,
  title={Estimation of the {S}obol indices in a linear functional multidimensional model},
  author={Fort, J.C. and Klein, T. and Lagnoux, A. and Laurent, B.},
  year={2012}
}


@book{cacuci2003sensitivity,
  title={Sensitivity and Uncertainty Analysis, Theory},
  author={Cacuci, D.G.},
  year={2003},
  publisher={Chapman \& Hall/CRC}
}

@phdthesis{tissot2012these,
  title={Sur la dÃ©composition ANOVA et l'estimation des indices de Sobol'. Application Ã  un modÃ¨le d'Ã©cosystÃ¨me marin. },
  author={Tissot, J.Y.},
  year={2012},
  school={UniversitÃ© de Grenoble}
}

@phdthesis{barbillon2010these,
  year={2010},
  title={MÃ©thodes d'interpolation Ã  noyaux pour l'approximation de fonctions type boÃ®te noire coÃ»teuses},
  author={Barbillon, P.},
  school={UniversitÃ© Paris XI}
}

@article{laurent1996efficient,
  title={Efficient estimation of integral functionals of a density},
  author={Laurent, B.},
  journal={The Annals of Statistics},
  volume={24},
  number={2},
  pages={659--681},
  year={1996},
  publisher={Institute of Mathematical Statistics}
}

@book{aronszajn1951theory,
  title={Theory of reproducing kernels},
  author={Aronszajn, N.},
  year={1951},
  publisher={Harvard University}
}

@article{durrande:hal-00601472,
  title={ANOVA kernels and RKHS of zero mean functions for model-based sensitivity analysis},
  author={Durrande, N. and Ginsbourger, D. and Roustant, O. and Carraro, L.},
  journal={Journal of Multivariate Analysis},
  year={2011}
}

@misc{muehlenstaedt:hal-00537781, AUTHOR = {Muehlenstaedt, Thomas and Roustant, Olivier and Carraro, Laurent and Kuhnt, Sonja}, TITLE = {{Data-driven Kriging models based on FANOVA-decomposition}}, YEAR = {2010}, NOTE = {Preprint}, URL = {http://hal.inria.fr/hal-00537781} }

@misc{da2011constrained,
   author={Da Veiga, S. and Marrel, A.},
   title={Gaussian process modeling with inequality constraints},
   year={To appear in \emph{Annales de la FacultÃ© des Sciences de Toulouse}}
}

@article{schaback1995error,
  title={Error estimates and condition numbers for radial basis function interpolation},
  author={Schaback, R.},
  journal={Advances in Computational Mathematics},
  volume={3},
  number={3},
  pages={251--264},
  year={1995},
  publisher={Springer}
}


@article{chen2009improved,
  title={Improved successive constraint method based a posteriori error estimate for reduced basis approximation of 2D Maxwell's problem},
  author={Chen, Y. and Hesthaven, J.S. and Maday, Y. and Rodr{\'\i}guez, J.},
  journal={ESAIM: Mathematical Modelling and Numerical Analysis},
  volume={43},
  number={06},
  pages={1099--1116},
  year={2009},
  publisher={Cambridge Univ Press}
}

@article{huynh2007successive,
  title={A successive constraint linear optimization method for lower bounds of parametric coercivity and inf-sup stability constants},
  author={Huynh, D.B.P. and Rozza, G. and Sen, S. and Patera, A.T.},
  journal={Comptes Rendus Mathematique},
  volume={345},
  number={8},
  pages={473--478},
  year={2007},
  publisher={Elsevier}
}

@book{fang2006design,
  title={Design and modeling for computer experiments},
  author={Fang, K. and Li, R. and Agus Sudjianto},
  isbn={9781584885467},
  lccn={2005051751},
  series={Computer science and data analysis series},
  year={2006},
  publisher={Chapman \& Hall/CRC}
}

@book{kleijnen2007design,
  title={Design and analysis of simulation experiments},
  author={Kleijnen, J.P.C.},
  year={2007},
  publisher={Springer Publishing Company, Incorporated}
}

@article{pierce2000adjoint,
  title={Adjoint recovery of superconvergent functionals from PDE approximations},
  author={Pierce, N.A. and Giles, M.B.},
  journal={SIAM Review},
  pages={247--264},
  year={2000},
  publisher={JSTOR}
}

@article{emsermann2002improving,
  title={Improving simulation efficiency with quasi control variates},
  author={Emsermann, M. and Simon, B.},
  year={2002},
  publisher={Taylor \& Francis}
}

@article{giles2007multilevel,
  title={Multilevel quasi-Monte Carlo path simulation},
  author={Giles, M.B. and Waterhouse, B.J.},
  journal={Advanced Financial Modelling, Radon Series on Computational and Applied Mathematics},
  pages={165--181},
  year={2009}
}

@article{xu2011reliability,
  title={Reliability of global sensitivity indices},
  author={Xu, C. and Gertner, G.Z.},
  journal={Journal of Statistical Computation and Simulation},
  volume={81},
  number={12},
  pages={1939--1969},
  year={2011},
  publisher={Taylor \& Francis}
}


@article{chen2005analytical,
  title={Analytical variance-based global sensitivity analysis in simulation-based design under uncertainty},
  author={Chen, Wei and Jin, Ruichen and Sudjianto, Agus},
  journal={TRANSACTIONS-AMERICAN SOCIETY OF MECHANICAL ENGINEERS JOURNAL OF MECHANICAL DESIGN},
  volume={127},
  number={5},
  pages={875},
  year={2005},
  publisher={AMERICAN SOCIETY MECHANICAL ENGINEERS}
}

@article{kahan1965pracniques,
  title={Pracniques: further remarks on reducing truncation errors},
  author={Kahan, William},
  journal={Communications of the ACM},
  volume={8},
  number={1},
  pages={40},
  year={1965},
  publisher={ACM}
}

@misc{owen1,
  title={Variance components and generalized Sobol' indices},
  author={Owen, Art B},
  year={2012},
  howpublished={Preprint available at \texttt{http://arxiv.org/abs/1205.1774}}
}

@article{owen2,
  title={Better estimation of small Sobol'sensitivity indices},
  author={Owen, Art B},
  journal={arXiv preprint arXiv:1204.4763},
  year={2012}
}

@article{rachdi2012stochastic,
  title={Stochastic inverse problem with noisy simulator-Application to aeronautical model},
  author={Rachdi, Nabil and Fort, Jean-Claude and Klein, Thierry},
  journal={Annales de la Facult\'e des Sciences de Toulouse},
  volume={6, 21},
  numer={3},
  pages={593--622},
  year={2012}
}

@article{lamboni2011multivariate,
  title={Multivariate sensitivity analysis to measure global contribution of input factors in dynamic models},
  author={Lamboni, Matieyendou and Monod, Herv{\'e} and Makowski, David},
  journal={Reliability Engineering \& System Safety},
  volume={96},
  number={4},
  pages={450--459},
  year={2011},
  publisher={Elsevier}
}

@article{campbell2006sensitivity,
  title={Sensitivity analysis when model outputs are functions},
  author={Campbell, Katherine and McKay, Michael D and Williams, Brian J},
  journal={Reliability Engineering \& System Safety},
  volume={91},
  number={10},
  pages={1468--1472},
  year={2006},
  publisher={Elsevier}
}

@book{boucheron2013concentration,
  title={Concentration Inequalities: A Nonasymptotic Theory of Independence},
  author={Boucheron, St{\'e}phane and Lugosi, G{\'a}bor and Massart, Pascal},
  year={2013},
  publisher={OUP Oxford}
}


